
@article{bonat_practical_2016,
	title = {Practical likelihood analysis for spatial generalized linear mixed models},
	volume = {27},
	number = {2},
	journal = {Environmetrics},
	author = {Bonat, Wagner Hugo and Ribeiro Jr, Paulo Justiniano},
	year = {2016},
	pages = {83--89},
	file = {Bonat_et_al-2016-Environmetrics.pdf:/home/jayverhoef/Zotero/storage/LHX3VIVR/Bonat_et_al-2016-Environmetrics.pdf:application/pdf;Full Text:/home/jayverhoef/Zotero/storage/W782MEFU/Bonat and Ribeiro Jr - 2016 - Practical likelihood analysis for spatial generali.pdf:application/pdf;Snapshot:/home/jayverhoef/Zotero/storage/5S8CW5U9/env.html:text/html},
}

@book{Woodbury1950Invertingmodifiedmatrices,
	title = {Inverting modified matrices},
	publisher = {Statistical Research Group, Princeton N.J.},
	author = {Woodbury, Max A.},
	year = {1950},
	note = {Published: Memorandum Report 42},
}

@article{ShermanEtAl1949Adjustmentinversematrix621,
	title = {Adjustment of an inverse matrix corresponding to changes in the elements of a given column or a given row of the original matrix},
	volume = {20},
	journal = {Annals of Mathematical Statistics},
	author = {Sherman, J. and Morrison, W. J.},
	year = {1949},
	pages = {621},
}

@article{rue_approximate_2009,
	title = {Approximate {Bayesian} inference for latent {Gaussian} models by using integrated nested {Laplace} approximations},
	volume = {71},
	number = {2},
	journal = {Journal of the Royal Statistical Society: Series B (Statistical Methodology)},
	author = {Rue, H{\textbackslash}aavard and Martino, Sara and Chopin, Nicolas},
	year = {2009},
	pages = {319--392},
	file = {Rue et al. - 2009 - Approximate Bayesian inference for latent Gaussian.pdf:/home/jayverhoef/Zotero/storage/XUBJPS2S/Rue et al. - 2009 - Approximate Bayesian inference for latent Gaussian.pdf:application/pdf;Snapshot:/home/jayverhoef/Zotero/storage/4PGR4ANU/j.1467-9868.2008.00700.html:text/html},
}

@article{WolfingerEtAl1993GeneralizedLinearMixed233,
	title = {Generalized linear mixed models: {A} pseudo-likelihood approach},
	volume = {48},
	journal = {Journal of Statistical Computation and Simulation},
	author = {Wolfinger, R.D. and O'Connell, M.},
	year = {1993},
	pages = {233--243},
	file = {Wolfinger and O'Connell - 1993 - Generalized Linear Mixed Models A Pseudo-Likeliho.pdf:/home/jayverhoef/Zotero/storage/NXLWZZ3F/Wolfinger and O'Connell - 1993 - Generalized Linear Mixed Models A Pseudo-Likeliho.pdf:application/pdf},
}

@article{Whittle1954stationaryprocessesplane434,
	title = {On stationary processes in the plane},
	volume = {41},
	journal = {Biometrika},
	author = {Whittle, Peter},
	year = {1954},
	pages = {434--449},
	file = {Whittle - 1954 - On stationary processes in the plane.pdf:/home/jayverhoef/Zotero/storage/Q2EPB48E/Whittle - 1954 - On stationary processes in the plane.pdf:application/pdf},
}

@article{VerHoef2012Whoinventeddelta124,
	title = {Who invented the delta method?},
	volume = {66},
	journal = {The American Statistician},
	author = {Ver Hoef, Jay M.},
	year = {2012},
	pages = {124--127},
	file = {Ver Hoef - 2012 - Who Invented the Delta Method.pdf:/home/jayverhoef/Zotero/storage/ZQ4KWIWI/Ver Hoef - 2012 - Who Invented the Delta Method.pdf:application/pdf},
}

@article{DiggleEtAl1998ModelbasedGeostatisticsDisc299,
	title = {Model-based geostatistics (with discussion)},
	volume = {47},
	journal = {Journal of the Royal Statistical Society, Series C: Applied Statistics},
	author = {Diggle, P. J. and Tawn, J. A. and Moyeed, R. A.},
	year = {1998},
	keywords = {Markov chain Monte Carlo, Generalized linear mixed model, Kriging, prediction},
	pages = {299--326},
	file = {Diggle et al. - 1998 - Model-Based Geostatistics (Disc P326-350).pdf:/home/jayverhoef/Zotero/storage/QRXNKXEA/Diggle et al. - 1998 - Model-Based Geostatistics (Disc P326-350).pdf:application/pdf},
}

@book{Cressie1993StatisticsSpatialData,
	address = {New York},
	title = {Statistics for {Spatial} {Data}, {Revised} {Edition}},
	isbn = {0-471-00255-0},
	publisher = {John Wiley \& Sons},
	author = {Cressie, Noel A. C.},
	year = {1993},
}

@book{Hamilton1994TimeSeriesAnalysis,
	address = {Princeton, NJ, USA},
	title = {Time {Series} {Analysis}},
	volume = {2},
	publisher = {Princeton University Press},
	author = {Hamilton, James Douglas},
	year = {1994},
}

@article{GotwayEtAl1997GeneralizedLinearModel157,
	title = {A generalized linear model approach to spatial data analysis and prediction},
	volume = {2},
	journal = {Journal of Agricultural, Biological, and Environmental Statistics},
	author = {Gotway, C. A. and Stroup, W. W},
	year = {1997},
	pages = {157--178},
	file = {Gotway and Stroup - 1997 - A Generalized Linear Model Approach to Spatial Dat.pdf:/home/jayverhoef/Zotero/storage/LYSYXAV4/Gotway and Stroup - 1997 - A Generalized Linear Model Approach to Spatial Dat.pdf:application/pdf},
}

@incollection{GilksEtAl1996IntroducingMarkovchain1,
	title = {Introducing {Markov} {Chain} {Monte} {Carlo}},
	booktitle = {Markov {Chain} {Monte} {Carlo} in {Practice}},
	publisher = {Chapman and Hall},
	author = {Gilks, Walter R and Richardson, Sylvia and Spiegelhalter, David J},
	year = {1996},
	pages = {1--19},
}

@article{GelfandEtAl1990Samplingbasedapproachescalculating398,
	title = {Sampling-based approaches to calculating marginal densities},
	volume = {85},
	number = {410},
	journal = {Journal of the American Statistical Association},
	author = {Gelfand, Alan E. and Smith, Adrian F. M.},
	year = {1990},
	pages = {398--409},
	file = {Gelfand and Smith - 1990 - Sampling-based approaches to calculating marginal .pdf:/home/jayverhoef/Zotero/storage/ZJ5JHR7A/Gelfand and Smith - 1990 - Sampling-based approaches to calculating marginal .pdf:application/pdf},
}

@article{NelderEtAl1972GeneralizedLinearModels370,
	title = {Generalized linear models},
	volume = {135},
	journal = {Journal of the Royal Statistical Society, Series A: General},
	author = {Nelder, J. A. and Wedderburn, R. W. M.},
	year = {1972},
	keywords = {Analysis of variance, Contingency table, Exponential family, Probit analysis, Quantal response, Weighted least squares},
	pages = {370--384},
	file = {Nelder and Wedderburn - 1972 - Generalized linear models.pdf:/home/jayverhoef/Zotero/storage/975RCBD4/Nelder and Wedderburn - 1972 - Generalized linear models.pdf:application/pdf},
}

@book{McCullaghEtAl1989GeneralizedLinearModels,
	title = {Generalized {Linear} {Models}, 2nd {Edition}},
	isbn = {0-412-31760-5},
	publisher = {Chapman \& Hall Ltd},
	author = {McCullagh, P. and Nelder, John A.},
	year = {1989},
}

@book{SnedecorEtAl1980StatisticalMethodsSeventh,
	title = {Statistical {Methods}, {Seventh} {Edition}},
	publisher = {Iowa State University},
	author = {Snedecor, George W. and Cochran, William G.},
	year = {1980},
}

@book{CressieEtAl2011StatisticsSpatiotemporalData,
	address = {Hoboken, NJ},
	title = {Statistics for {Spatio}-{Temporal} {Data}},
	publisher = {John Wiley \& Sons},
	author = {Cressie, Noel and Wikle, Christopher K},
	year = {2011},
}

@article{VerHoefEtAl2018Spatialautoregressivemodels36,
	title = {Spatial autoregressive models for statistical inference from ecological data},
	volume = {88},
	number = {1},
	journal = {Ecological Monographs},
	author = {Ver Hoef, Jay M and Peterson, Erin E and Hooten, Mevin B and Hanks, Ephraim M and Fortin, Marie-Jos√®e},
	year = {2018},
	pages = {36--59},
	file = {Ver Hoef et al. - 2018 - Spatial autoregressive models for statistical infe.pdf:/home/jayverhoef/Zotero/storage/ZKFILQQC/Ver Hoef et al. - 2018 - Spatial autoregressive models for statistical infe.pdf:application/pdf},
}

@article{Besag1974SpatialInteractionStatistical192,
	title = {Spatial interaction and the statistical analysis of lattice systems (with discussion)},
	volume = {36},
	journal = {Journal of the Royal Statistical Society, Series B},
	author = {Besag, Julian},
	year = {1974},
	pages = {192--236},
	file = {Besag - 1974 - Spatial interaction and the statistical analysis o.pdf:/home/jayverhoef/Zotero/storage/HRKCJTNQ/Besag - 1974 - Spatial interaction and the statistical analysis o.pdf:application/pdf},
}

@article{VerHoefEtAl2010movingaverageapproach6,
	title = {A moving average approach for spatial statistical models of stream networks (with discussion)},
	volume = {105},
	doi = {10.1198/jasa.2009.ap08248;\%0020Rejoinder\%0020pgs.\%002022\%0020-\%002024},
	journal = {Journal of the American Statistical Association},
	author = {Ver Hoef, J. M. and Peterson, E.},
	year = {2010},
	pages = {6--18},
	file = {Ver Hoef and Peterson - 2010 - A moving average approach for spatial statistical .pdf:/home/jayverhoef/Zotero/storage/BVT78Y3F/Ver Hoef and Peterson - 2010 - A moving average approach for spatial statistical .pdf:application/pdf},
}

@inproceedings{PattersonEtAl1974Maximumlikelihoodestimation197,
	address = {Biometric Society, Washington, DC},
	title = {Maximum likelihood estimation of components of variance},
	booktitle = {Proceedings of the 8th {International} {Biometric} {Conference}},
	author = {Patterson, HD and Thompson, Robin},
	year = {1974},
	pages = {197--207},
}

@article{PattersonEtAl1971Recoveryinterblockinformation545,
	title = {Recovery of inter-block information when block sizes are unequal},
	volume = {58},
	journal = {Biometrika},
	author = {Patterson, H. D. and Thompson, R.},
	year = {1971},
	keywords = {Design of experiments, Components of variance, Incomplete block design, Maximum likelihood},
	pages = {545--554},
	file = {Patterson and Thompson - 1971 - Recovery of inter-block information when block siz.pdf:/home/jayverhoef/Zotero/storage/CXCM7TQ3/Patterson and Thompson - 1971 - Recovery of inter-block information when block siz.pdf:application/pdf},
}

@article{VerHoef2018KrigingModelsLinear1600,
	title = {Kriging models for linear networks and non-{Euclidean} distances: {Cautions} and solutions},
	volume = {9},
	shorttitle = {Kriging models for linear networks and non-{Euclidean} distances},
	number = {6},
	journal = {Methods in Ecology and Evolution},
	author = {Ver Hoef, Jay M.},
	year = {2018},
	pages = {1600--1613},
	file = {Full Text:/home/jayverhoef/Zotero/storage/TNQ4D4SL/Ver Hoef - 2018 - Kriging models for linear networks and non-Euclide.pdf:application/pdf;Snapshot:/home/jayverhoef/Zotero/storage/U8357M54/2041-210X.html:text/html},
}

@book{ChilesEtAl1999GeostatisticsModelingSpatial,
	address = {New York},
	title = {Geostatistics: {Modeling} {Spatial} {Uncertainty}},
	isbn = {0-471-08315-1},
	publisher = {John Wiley \& Sons},
	author = {Chiles, Jean-Paul and Delfiner, Pierre},
	year = {1999},
}

@article{clayton_empirical_1987,
	title = {Empirical {Bayes} estimates of age-standardized relative risks for use in disease mapping},
	volume = {43},
	issn = {0006-341X},
	url = {www.jstor.org/stable/2532003},
	doi = {10.2307/2532003},
	number = {3},
	urldate = {2019-11-15},
	journal = {Biometrics},
	author = {Clayton, David and Kaldor, John},
	year = {1987},
	pages = {671--681},
	file = {Clayton and Kaldor - 1987 - Empirical Bayes Estimates of Age-Standardized Rela.pdf:/home/jayverhoef/Zotero/storage/SFDLTUXD/Clayton and Kaldor - 1987 - Empirical Bayes Estimates of Age-Standardized Rela.pdf:application/pdf},
}

@article{zhang_inconsistent_2004,
	title = {Inconsistent estimation and asymptotically equal interpolations in model-based geostatistics},
	volume = {99},
	number = {465},
	journal = {Journal of the American Statistical Association},
	author = {Zhang, Hao},
	year = {2004},
	pages = {250--261},
	file = {Full Text:/home/jayverhoef/Zotero/storage/8U9HJ56C/Zhang - 2004 - Inconsistent estimation and asymptotically equal i.pdf:application/pdf;Snapshot:/home/jayverhoef/Zotero/storage/89NAQX82/016214504000000241.html:text/html},
}

@article{evangelou_estimation_2011,
	title = {Estimation and prediction for spatial generalized linear mixed models using high order {Laplace} approximation},
	volume = {141},
	issn = {03783758},
	url = {https://linkinghub.elsevier.com/retrieve/pii/S037837581100200X},
	doi = {10.1016/j.jspi.2011.05.008},
	language = {en},
	number = {11},
	urldate = {2022-10-11},
	journal = {Journal of Statistical Planning and Inference},
	author = {Evangelou, Evangelos and Zhu, Zhengyuan and Smith, Richard L.},
	month = nov,
	year = {2011},
	pages = {3564--3577},
	file = {Evangelou et al. - 2011 - Estimation and prediction for spatial generalized .pdf:/home/jayverhoef/Zotero/storage/9RTATDV2/Evangelou et al. - 2011 - Estimation and prediction for spatial generalized .pdf:application/pdf},
}

@article{zhang_estimation_2002,
	title = {On estimation and prediction for spatial generalized linear mixed models},
	volume = {58},
	issn = {0006-341X},
	url = {http://www.jstor.org/stable/3068298},
	number = {1},
	urldate = {2022-10-11},
	journal = {Biometrics},
	author = {Zhang, Hao},
	year = {2002},
	pages = {129--136},
	file = {JSTOR Full Text PDF:/home/jayverhoef/Zotero/storage/CE5ZJFJ2/Zhang - 2002 - On Estimation and Prediction for Spatial Generaliz.pdf:application/pdf},
}

@article{dumelle_linear_2021,
	title = {A linear mixed model formulation for spatio-temporal random processes with computational advances for the product, sum, and product‚Äìsum covariance functions},
	volume = {43},
	journal = {Spatial Statistics},
	author = {Dumelle, Michael and Ver Hoef, Jay M. and Fuentes, Claudio and Gitelman, Alix},
	year = {2021},
	pages = {100510},
	file = {DumelleEtAl_SpaSta.pdf:/home/jayverhoef/Zotero/storage/ZRI77DJX/DumelleEtAl_SpaSta.pdf:application/pdf;Full Text:/home/jayverhoef/Zotero/storage/JJIC6ED3/Dumelle et al. - 2021 - A linear mixed model formulation for spatio-tempor.pdf:application/pdf;Snapshot:/home/jayverhoef/Zotero/storage/IA8N294Y/S2211675321000208.html:text/html},
}

@article{wedderburn_quasi-likelihood_1974,
	title = {Quasi-likelihood functions, generalized linear models, and the {Gauss}-{Newton} method},
	volume = {61},
	issn = {0006-3444},
	url = {http://www.jstor.org/stable/2334725},
	doi = {10.2307/2334725},
	number = {3},
	urldate = {2022-11-12},
	journal = {Biometrika},
	author = {Wedderburn, R. W. M.},
	year = {1974},
	pages = {439--447},
	file = {JSTOR Full Text PDF:/home/jayverhoef/Zotero/storage/8DRNB8HE/Wedderburn - 1974 - Quasi-Likelihood Functions, Generalized Linear Mod.pdf:application/pdf},
}

@article{breslow_approximate_1993,
	title = {Approximate inference in generalized linear mixed models},
	volume = {88},
	number = {421},
	journal = {Journal of the American Statistical Association},
	author = {Breslow, Norman E. and Clayton, David G.},
	year = {1993},
	pages = {9--25},
	file = {Full Text:/home/jayverhoef/Zotero/storage/Q6GK9LAT/Breslow and Clayton - 1993 - Approximate inference in generalized linear mixed .pdf:application/pdf;Snapshot:/home/jayverhoef/Zotero/storage/EGRL5UVL/01621459.1993.html:text/html},
}

@article{lunn_winbugs_2000,
	title = {{WinBUGS} - {A} {Bayesian} modelling framework: {Concepts}, structure, and extensibility},
	volume = {10},
	shorttitle = {{WinBUGS}-a {Bayesian} modelling framework},
	number = {4},
	journal = {Statistics and Computing},
	author = {Lunn, David J. and Thomas, Andrew and Best, Nicky and Spiegelhalter, David},
	year = {2000},
	pages = {325--337},
	file = {Full Text:/home/jayverhoef/Zotero/storage/AYSCIK7F/Lunn et al. - 2000 - WinBUGS-a Bayesian modelling framework concepts, .pdf:application/pdf;Snapshot:/home/jayverhoef/Zotero/storage/944CHCRD/A1008929526011.html:text/html},
}

@article{christensen_monte_2004,
	title = {Monte {Carlo} maximum likelihood in model-based geostatistics},
	volume = {13},
	number = {3},
	journal = {Journal of Computational and Graphical Statistics},
	author = {Christensen, Ole F.},
	year = {2004},
	pages = {702--718},
	file = {Christensen - 2004 - Monte Carlo maximum likelihood in model-based geos.pdf:/home/jayverhoef/Zotero/storage/I68DNM32/Christensen - 2004 - Monte Carlo maximum likelihood in model-based geos.pdf:application/pdf;Snapshot:/home/jayverhoef/Zotero/storage/V67LYEHC/106186004X2525.html:text/html},
}

@article{green_iteratively_1984,
	title = {Iteratively reweighted least squares for maximum likelihood estimation, and some robust and resistant alternatives},
	volume = {46},
	number = {2},
	journal = {Journal of the Royal Statistical Society: Series B (Methodological)},
	author = {Green, Peter J.},
	year = {1984},
	pages = {149--170},
	file = {Full Text:/home/jayverhoef/Zotero/storage/4BXYAJCX/Green - 1984 - Iteratively reweighted least squares for maximum l.pdf:application/pdf;Snapshot:/home/jayverhoef/Zotero/storage/H4FDAFTW/j.2517-6161.1984.tb01288.html:text/html},
}

@inproceedings{boykin_generalized_2010,
	title = {Generalized linear mixed model estimation using {PROC} {GLIMMIX}: results from simulations when the data and model match, and when the model is misspecified},
	shorttitle = {Generalized linear mixed model estimation using {PROC} {GLIMMIX}},
	doi = {https://doi.org/10.4148/ 2475-7772.1064},
	booktitle = {Conference on {Applied} {Statistics} in {Agriculture}},
	author = {Boykin, Debbie and Camp, Mary J. and Johnson, L. and Kramer, Matthew and Meek, David and Palmquist, Debra and Vinyard, Bryan and West, Mark},
	year = {2010},
	pages = {137--156 DOI:10.4148/ 2475--7772.1064},
	file = {Full Text:/home/jayverhoef/Zotero/storage/HJGZ2LVS/Boykin et al. - 2010 - Generalized linear mixed model estimation using PR.pdf:application/pdf},
}

@article{kleinschmidt_use_2001,
	title = {Use of generalized linear mixed models in the spatial analysis of small-area malaria incidence rates in {KwaZulu} {Natal}, {South} {Africa}},
	volume = {153},
	number = {12},
	journal = {American Journal of Epidemiology},
	author = {Kleinschmidt, I. and Sharp, B. L. and Clarke, G. P. Y. and Curtis, B. and Fraser, C.},
	year = {2001},
	pages = {1213--1221},
	file = {Kleinschmidt et al. - 2001 - Use of generalized linear mixed models in the spat.pdf:/home/jayverhoef/Zotero/storage/2MSSAPJK/Kleinschmidt et al. - 2001 - Use of generalized linear mixed models in the spat.pdf:application/pdf},
}

@article{li_adjusting_2016,
	title = {Adjusting for unmeasured confounding due to either of two crossed factors with a logistic regression model},
	volume = {35},
	number = {18},
	journal = {Statistics in Medicine},
	author = {Li, Li and Brumback, Babette A. and Weppelmann, Thomas A. and Morris Jr, J. Glenn and Ali, Afsar},
	year = {2016},
	pages = {3179--3188},
	file = {Full Text:/home/jayverhoef/Zotero/storage/UW77VTTV/Li et al. - 2016 - Adjusting for unmeasured confounding due to either.pdf:application/pdf;Snapshot:/home/jayverhoef/Zotero/storage/F38XPCR2/sim.html:text/html},
}

@article{lee_hierarchical_1996,
	title = {Hierarchical generalized linear models},
	volume = {58},
	number = {4},
	journal = {Journal of the Royal Statistical Society: Series B (Methodological)},
	author = {Lee, Youngjo and Nelder, John A.},
	year = {1996},
	pages = {619--656},
	file = {Full Text:/home/jayverhoef/Zotero/storage/B4RBJ62Z/Lee and Nelder - 1996 - Hierarchical generalized linear models.pdf:application/pdf;Lee and Nelder - 1996 - Hierarchical generalized linear models.pdf:/home/jayverhoef/Zotero/storage/8HXN6C7J/Lee and Nelder - 1996 - Hierarchical generalized linear models.pdf:application/pdf;Snapshot:/home/jayverhoef/Zotero/storage/2N5KALZM/j.2517-6161.1996.tb02105.html:text/html},
}

@article{zeger_generalized_1991,
	title = {Generalized linear models {With} random effects; {A} {Gibbs} sampling approach},
	volume = {86},
	issn = {0162-1459},
	url = {https://www.jstor.org/stable/2289717},
	doi = {10.2307/2289717},
	number = {413},
	urldate = {2023-01-23},
	journal = {Journal of the American Statistical Association},
	author = {Zeger, Scott L. and Karim, M. Rezaul},
	year = {1991},
	note = {Publisher: [American Statistical Association, Taylor \& Francis, Ltd.]},
	pages = {79--86},
	file = {JSTOR Full Text PDF:/home/jayverhoef/Zotero/storage/9BKGXMQY/Zeger and Karim - 1991 - Generalized Linear Models With Random Effects\; A G.pdf:application/pdf},
}

@article{stiratelli_random-effects_1984,
	title = {Random-effects models for serial observations with binary response},
	volume = {40},
	issn = {0006-341X},
	url = {https://www.jstor.org/stable/2531147},
	doi = {10.2307/2531147},
	number = {4},
	urldate = {2023-01-23},
	journal = {Biometrics},
	author = {Stiratelli, Robert and Laird, Nan and Ware, James H.},
	year = {1984},
	pages = {961--971},
	file = {JSTOR Full Text PDF:/home/jayverhoef/Zotero/storage/CLPR5TTV/Stiratelli et al. - 1984 - Random-Effects Models for Serial Observations with.pdf:application/pdf},
}

@article{zeger_models_1988,
	title = {Models for longitudinal data: {A} generalized estimating equation approach},
	volume = {44},
	issn = {0006-341X},
	shorttitle = {Models for {Longitudinal} {Data}},
	url = {https://www.jstor.org/stable/2531734},
	doi = {10.2307/2531734},
	number = {4},
	urldate = {2023-01-23},
	journal = {Biometrics},
	author = {Zeger, Scott L. and Liang, Kung-Yee and Albert, Paul S.},
	year = {1988},
	note = {Publisher: [Wiley, International Biometric Society]},
	pages = {1049--1060},
	file = {JSTOR Full Text PDF:/home/jayverhoef/Zotero/storage/KTWB5ZPA/Zeger et al. - 1988 - Models for Longitudinal Data A Generalized Estima.pdf:application/pdf},
}

@article{tierney_accurate_1986,
	title = {Accurate approximations for posterior moments and marginal densities},
	volume = {81},
	issn = {0162-1459},
	url = {https://www.jstor.org/stable/2287970},
	doi = {10.2307/2287970},
	number = {393},
	urldate = {2023-01-24},
	journal = {Journal of the American Statistical Association},
	author = {Tierney, Luke and Kadane, Joseph B.},
	year = {1986},
	pages = {82--86},
	file = {JSTOR Full Text PDF:/home/jayverhoef/Zotero/storage/W6PUNYBP/Tierney and Kadane - 1986 - Accurate Approximations for Posterior Moments and .pdf:application/pdf},
}

@article{pace_quick_1997,
	title = {Quick computation of spatial autoregressive estimators},
	volume = {29},
	number = {3},
	journal = {Geographical analysis},
	author = {Pace, R. Kelley and Barry, Ronald},
	year = {1997},
	pages = {232--247},
	file = {Pace and Barry - 1997 - Quick computation of spatial autoregressive estima.pdf:/home/jayverhoef/Zotero/storage/AYXXX4BF/Pace and Barry - 1997 - Quick computation of spatial autoregressive estima.pdf:application/pdf;Snapshot:/home/jayverhoef/Zotero/storage/MMV8FLDH/j.1538-4632.1997.tb00959.html:text/html},
}

@article{neitlich_trends_2017,
	title = {Trends in spatial patterns of heavy metal deposition on national park service lands along the {Red} {Dog} {Mine} haul road, {Alaska}, 2001‚Äì2006},
	volume = {12},
	issn = {1932-6203},
	url = {https://journals.plos.org/plosone/article?id=10.1371/journal.pone.0177936},
	doi = {10.1371/journal.pone.0177936},
	language = {en},
	number = {5},
	urldate = {2023-02-07},
	journal = {PLOS ONE},
	author = {Neitlich, Peter N. and Hoef, Jay M. Ver and Berryman, Shanti D. and Mines, Anaka and Geiser, Linda H. and Hasselbach, Linda M. and Shiel, Alyssa E.},
	month = may,
	year = {2017},
	keywords = {Contaminants, Dogs, Heavy metals, Lichenology, Mosses, Roads, Tissue distribution, Zinc},
	pages = {e0177936},
	file = {Full Text PDF:/home/jayverhoef/Zotero/storage/VBF9IJKV/Neitlich et al. - 2017 - Trends in spatial patterns of heavy metal depositi.pdf:application/pdf},
}

@article{hasselbach_spatial_2005,
	title = {Spatial patterns of cadmium and lead deposition on and adjacent to {National} {Park} {Service} lands in the vicinity of {Red} {Dog} {Mine}, {Alaska}},
	volume = {348},
	number = {1-3},
	journal = {Science of the Total Environment},
	author = {Hasselbach, L. and Ver Hoef, J. M. and Ford, Jesse and Neitlich, P. and Crecelius, E. and Berryman, S. and Wolk, B. and Bohle, T.},
	year = {2005},
	pages = {211--230},
	file = {Full Text:/home/jayverhoef/Zotero/storage/NEJC5R5N/Hasselbach et al. - 2005 - Spatial patterns of cadmium and lead deposition on.pdf:application/pdf;Snapshot:/home/jayverhoef/Zotero/storage/ZLW2SITT/S0048969705000082.html:text/html},
}

@article{kleinman_semi-parametric_1998,
	title = {A semi-parametric {Bayesian} approach to generalized linear mixed models},
	volume = {17},
	number = {22},
	journal = {Statistics in Medicine},
	author = {Kleinman, Ken P. and Ibrahim, Joseph G.},
	year = {1998},
	pages = {2579--2596},
	file = {Full Text:/home/jayverhoef/Zotero/storage/5NSHFXGA/Kleinman and Ibrahim - 1998 - A semi-parametric Bayesian approach to generalized.pdf:application/pdf;Snapshot:/home/jayverhoef/Zotero/storage/3E3QQUTT/(SICI)1097-0258(19981130)17222579AID-SIM9483.0.html:text/html},
}

@inproceedings{berliner_hierarchical_1996,
	title = {Hierarchical {Bayesian} time series models},
	booktitle = {Maximum {Entropy} and {Bayesian} {Methods}: {Santa} {Fe}, {New} {Mexico}, {USA}, 1995 {Proceedings} of the {Fifteenth} {International} {Workshop} on {Maximum} {Entropy} and {Bayesian} {Methods}},
	publisher = {Springer},
	author = {Berliner, L. Mark},
	year = {1996},
	pages = {15--22},
	file = {Full Text:/home/jayverhoef/Zotero/storage/CYGUIX7P/Berliner - 1996 - Hierarchical Bayesian time series models.pdf:application/pdf;Snapshot:/home/jayverhoef/Zotero/storage/YCCZ9ACV/978-94-011-5430-7_3.html:text/html},
}

@article{warton_arcsine_2011,
	title = {The arcsine is asinine: the analysis of proportions in ecology},
	volume = {92},
	shorttitle = {The arcsine is asinine},
	number = {1},
	journal = {Ecology},
	author = {Warton, David I. and Hui, Francis KC},
	year = {2011},
	pages = {3--10},
	file = {Full Text:/home/jayverhoef/Zotero/storage/PBVX8MD6/Warton and Hui - 2011 - The arcsine is asinine the analysis of proportion.pdf:application/pdf;Snapshot:/home/jayverhoef/Zotero/storage/UYANUIEG/10-0340.html:text/html},
}

@inproceedings{pitman_sufficient_1936,
	title = {Sufficient statistics and intrinsic accuracy},
	volume = {32},
	booktitle = {Mathematical {Proceedings} of the cambridge {Philosophical} society},
	publisher = {Cambridge University Press},
	author = {Pitman, Edwin James George},
	year = {1936},
	note = {Issue: 4},
	pages = {567--579},
	file = {Snapshot:/home/jayverhoef/Zotero/storage/DIM7J5GP/6A3E45FB1C423F3F684308F8910D6919.html:text/html},
}

@article{fisher_two_1934,
	title = {Two new properties of mathematical likelihood},
	volume = {144},
	number = {852},
	journal = {Proceedings of the Royal Society of London. Series A, Containing Papers of a Mathematical and Physical Character},
	author = {Fisher, Ronald Aylmer},
	year = {1934},
	pages = {285--307},
	file = {Full Text:/home/jayverhoef/Zotero/storage/EZ9YJG4D/Fisher - 1934 - Two new properties of mathematical likelihood.pdf:application/pdf;Snapshot:/home/jayverhoef/Zotero/storage/DM4JFCWJ/rspa.1934.html:text/html},
}

@book{lehmann_theory_2006,
	title = {Theory of point estimation},
	publisher = {Springer Science \& Business Media},
	author = {Lehmann, Erich L. and Casella, George},
	year = {2006},
	file = {Full Text:/home/jayverhoef/Zotero/storage/XWBBTAY4/Lehmann and Casella - 2006 - Theory of point estimation.pdf:application/pdf;Snapshot:/home/jayverhoef/Zotero/storage/3FVYFII9/4f24CgAAQBAJ.html:text/html},
}

@article{huang_validity_2011,
	title = {On the validity of commonly used covariance and variogram functions on the sphere},
	volume = {43},
	journal = {Mathematical Geosciences},
	author = {Huang, Chunfeng and Zhang, Haimeng and Robeson, Scott M.},
	year = {2011},
	pages = {721--733},
	file = {Full Text:/home/jayverhoef/Zotero/storage/YSHL5CKW/Huang et al. - 2011 - On the validity of commonly used covariance and va.pdf:application/pdf;Snapshot:/home/jayverhoef/Zotero/storage/SYAXY6YJ/s11004-011-9344-7.html:text/html},
}

@article{gneiting_strictly_2013,
	title = {Strictly and non-strictly positive definite functions on spheres},
	volume = {19},
	number = {4},
	journal = {Bernoulli},
	author = {Gneiting, Tilmann},
	year = {2013},
	pages = {1327 -- 1349},
	file = {Full Text:/home/jayverhoef/Zotero/storage/NF6XSZVE/Gneiting - 2013 - Strictly and non-strictly positive definite functi.pdf:application/pdf;Snapshot:/home/jayverhoef/Zotero/storage/WZTSPMY3/12-BEJSP06.html:text/html},
}

@article{haining_moving_1978,
	title = {The moving average model for spatial interaction},
	volume = {3},
	issn = {0020-2754},
	url = {https://www.jstor.org/stable/622202},
	doi = {10.2307/622202},
	number = {2},
	urldate = {2023-02-23},
	journal = {Transactions of the Institute of British Geographers},
	author = {Haining, R. P.},
	year = {1978},
	pages = {202--225},
	file = {JSTOR Full Text PDF:/home/jayverhoef/Zotero/storage/JU4BULJ6/Haining - 1978 - The Moving Average Model for Spatial Interaction.pdf:application/pdf},
}
